@article{dynamicmapreduce,
 author = {Loughran, Steve and Alcaraz Calero, Jose Maria and Farrell, Andrew and Kirschnick, Johannes and Guijarro, Julio},
 title = {Dynamic {C}loud {D}eployment of a {MapReduce} {A}rchitecture},
 journal = {IEEE Internet Computing},
 issue_date = {November 2012},
 volume = {16},
 number = {6},
 month = nov,
 year = {2012},
 issn = {1089-7801},
 pages = {40--50},
 numpages = {11},
 url = {http://dx.doi.org/10.1109/MIC.2011.163},
 doi = {10.1109/MIC.2011.163},
 acmid = {2412750},
 publisher = {IEEE Educational Activities Department},
 address = {Piscataway, NJ, USA},
 keywords = {automated deployment, MapReduce, cloud computing, infrastructure as a service, configuration management},
}

%% inria-00632040, version 1
%% http://hal.inria.fr/inria-00632040
@techreport{resilin,
    hal_id = {inria-00632040},
    url = {http://hal.inria.fr/inria-00632040},
    title = {Resilin: {E}lastic {MapReduce} for {P}rivate and {C}ommunity {C}louds},
    author = {Riteau, Pierre and Iordache, Ancuta and Morin, Christine},
    abstract = {{The MapReduce programming model, introduced by Google, offers a simple and efficient way of performing distributed computation over large data sets. Although Google's implementation is proprietary, MapReduce can be leveraged by anyone using the free and open source Apache Hadoop framework. To simplify the usage of Hadoop in the cloud, Amazon Web Services offers Elastic MapReduce, a web service enabling users to run MapReduce jobs. Elastic MapReduce takes care of resource provisioning, Hadoop configuration and performance tuning, data staging, fault tolerance, etc. This service drastically reduces the entry barrier to perform MapReduce computations in the cloud, allowing users to concentrate on the problem to solve. However, Elastic MapReduce is restricted to Amazon EC2 resources, and is provided at an additional cost. In this paper, we present Resilin, a system implementing the Elastic MapReduce API with resources from other clouds than Amazon EC2, such as private and community clouds. Furthermore, we explore a feature going beyond the current Amazon Elastic MapReduce offering: performing MapReduce computations over multiple distributed clouds.}},
    keywords = {Cloud computing; MapReduce; Elasticity; Hadoop; Execution platforms},
    language = {English},
    affiliation = {MYRIADS - INRIA - IRISA , West University of Timisoara [Roumanie]},
    pages = {18},
    type = {Research Report},
    institution = {INRIA},
    number = {RR-7767},
    collaboration = {Grid'5000 },
    year = {2011},
    month = Oct,
    pdf = {http://hal.inria.fr/inria-00632040/PDF/RR-7767.pdf},
}

@inproceedings{cloudmapreduce,
 author = {Liu, Huan and Orban, Dan},
 title = {Cloud {MapReduce}: {A} {MapReduce} {I}mplementation on {T}op of a {C}loud {O}perating {S}ystem},
 booktitle = {Proceedings of the 2011 11th IEEE/ACM International Symposium on Cluster, Cloud and Grid Computing},
 series = {CCGRID '11},
 year = {2011},
 isbn = {978-0-7695-4395-6},
 pages = {464--474},
 numpages = {11},
 url = {http://dx.doi.org/10.1109/CCGrid.2011.25},
 doi = {10.1109/CCGrid.2011.25},
 acmid = {2007355},
 publisher = {IEEE Computer Society},
 address = {Washington, DC, USA},
 keywords = {cloud, mapreduce, Amazon web services},
}

@manual{apachecloudstack4,
  aauthor = {The Apache Software Foundation},
  title = {Apache CloudStack 4.0.0 --- Incubating CloudStack Installation Guide},
  year = {2012}
}

@misc{qemuinternals,
  aauthor = {QEMU Org.},
  title = {{QEMU} {I}nternals},
  year = {2012},
  howpublished = {\url{http://qemu.weilnetz.de/qemu-tech.html}},
  note = {Accedido: junio 2013}
}

@book{fedora17adminguide,
  author = {Jarom\'ir Hrad\'ilek and Douglas Silas and Martin Prpi\v{c} and Stephen Wadeley and Eli\v{s}ka Slobodov\'a and Tom\'a\v{s} \v{C}apek and Petr Kov\'a\v{r} and John Ha and David O'Brien and Michael Hideo and Don Domingo},
  title = {Fedora 17 {S}ystem {A}dministrators' {G}uide. {D}eployment, {C}onfiguration and {A}dministration of {F}edora 17},
  publisher = {Red Hat Inc.},
  year = {2012}
}

@book{redhatvirtguide,
  author = {Christopher Curran and Jan Mark Holzer},
  title = {Red Hat Enterprise Linux 5.2 -- Virtualization Guide},
  publisher = {Red Hat Inc.},
  year = {2008}
}

@book{redhatdeploymentguide,
  author = {Michael Hideo Smith},
  title = {{Red Hat} {E}nterprise {L}inux 5.2 --- {D}eployment {G}uide},
  publisher = {Red Hat Inc.},
  year = {2008}
}

@misc{hardwarevirt,
  author = {Johan De Gelas},
  title = {Hardware {V}irtualization: the {N}uts and {B}olts},
  ppublisher = {AnandTech Inc.},
  howpublished = {\url{http://www.anandtech.com/show/2480}},
  note = {Accedido: junio 2013},
  year = {2012}
}

@manual{installdeployosfolsom,
  aauthor = {OpenStack LLC},
  title = {OpenStack Install and Deploy Manual --- Red Hat --- Folsom},
  year = {2012}
  ppublisher = {OpenStack LLC}
}

@manual{installdeployosessex,
  aauthor = {OpenStack LLC},
  title = {OpenStack Install and Deploy Manual --- Red Hat --- Essex},
  year = {2012}
  ppublisher = {OpenStack LLC}
}

@manual{adminosessex,
  aauthor = {OpenStack LLC},
  title = {OpenStack Compute Administration Manual --- Essex},
  year = {2012}
  ppublisher = {OpenStack LLC}
}

@manual{adminosfolsom,
  aauthor = {OpenStack LLC},
  title = {OpenStack Compute Administration Manual --- Folsom},
  year = {2012}
  ppublisher = {OpenStack LLC}
}

@misc{quickstartfedoraos,
  aauthor = {Red Hat Inc.},
  title = {{G}etting {S}tarted with {O}penStack on {F}edora 17},
  year = {2012},
  howpublished = {\url{http://fedoraproject.org/wiki/Getting_started_with_OpenStack_on_Fedora_17}},
  note = {Accedido: junio 2013}
  ppublisher = {Red Hat Inc.}
}

@manual{osswift,
  aauthor = {OpenStack LLC},
  title = {OpenStack Object Storage Administration Manual --- Folsom},
  ppublisher = {OpenStack LLC},
  year = {2012}
}

@manual{quantumadminfolsom,
  aauthor = {OpenStack LLC},
  title = {OpenStack Network (Quantum) Administration Guide --- {Folsom}},
  ppublisher = {OpenStack LLC},
  year = {2012}
}

@book{programosapi,
  author = {Artymiak, Jacek},
  title = {Programming OpenStack Compute API},
  publisher = {Rackspace US Inc.},
  year = {2012}
}

@manual{openstackapiref,
  aauthor = {OpenStack LLC},
  title = {OpenStack API Reference},
  ppublisher = {OpenStack},
  year = {2013}
}

@manual{eucainstall,
  aauthor = {Eucalyptus Systems Inc.},
  title = {Eucalyptus --- 3.1.1 Installation Guide},
  ppublisher = {Eucalyptus Systems Inc.},
  year = {2012}
}

@article{occisdraft,
 author = {Edmonds, Andy and Metsch, Thijs and Papaspyrou, Alexander and Richardson, Alexis},
 title = {{T}oward an {O}pen {C}loud {S}tandard},
 journal = {IEEE Internet Computing},
 issue_date = {July 2012},
 volume = {16},
 number = {4},
 month = jul,
 year = {2012},
 issn = {1089-7801},
 pages = {15--25},
 numpages = {11},
 url = {http://dx.doi.org/10.1109/MIC.2012.65},
 doi = {10.1109/MIC.2012.65},
 acmid = {2360891},
 publisher = {IEEE Educational Activities Department},
 address = {Piscataway, NJ, USA},
 keywords = {Computational modeling,Cloud computing,Rendering (computer graphics),Standards,Ecosystems,open cloud computing interface,Computational modeling,Cloud computing,Rendering (computer graphics),Standards,Ecosystems,OCCI,cloud computing,standardization},
}

@misc{opennebulaoccispec,
  aauthor = {OpenNebula Project},
  title = {{OpenNebula} {OCCI} {S}pecification 3.8},
  ppublisher = {OpenNebula Proyect},
  year = {2012},
  howpublished = {\url{http://opennebula.org/documentation:archives:rel3.8:occidd}},
  note = {Accedido: junio 2013}
}

@article{intelvtx,
 author = {Uhlig, Rich and Neiger, Gil and Rodgers, Dion and Santoni, Amy L. and Martins, Fernando C. M. and Anderson, Andrew V. and Bennett, Steven M. and Kagi, Alain and Leung, Felix H. and Smith, Larry},
 title = {{I}ntel {V}irtualization {T}echnology},
 journal = {Computer},
 issue_date = {May 2005},
 volume = {38},
 number = {5},
 month = may,
 year = {2005},
 issn = {0018-9162},
 pages = {48--56},
 numpages = {9},
 url = {http://dx.doi.org/10.1109/MC.2005.163},
 doi = {10.1109/MC.2005.163},
 acmid = {1069634},
 publisher = {IEEE Computer Society Press},
 address = {Los Alamitos, CA, USA},
 keywords = {IA-32 architecture, Itanium architecture, computer architectures, software systems, virtual machines, virtualization technology, virtualization technology, virtual machines, computer architectures, Itanium architecture, IA-32 architecture, software systems},
}

@misc{deisa,
  author = {DEISA},
  title = {DEISA Glossary},
  howpublished = {\url{http://www.deisa.eu/references}},
  note = {Accedido: junio 2013},
}

@misc{NISTcloud,
  author = {Peter Mell and Timothy Grance},
  title = {{T}he {NIST} {D}efinition of {C}loud {C}omputing},
  publisher = {National Institute of Standards and Tecnology. U.S. Department of Commerce},
  year = {2011},
  howpublished = {\url{http://csrc.nist.gov/publications/nistpubs/800-145/SP800-145.pdf}},
  note = {Accedido: junio 2013}
}

@article{googlemapreduce,
 author = {Dean, Jeffrey and Ghemawat, Sanjay},
 title = {MapReduce: Simplified {D}ata {P}rocessing on {L}arge {C}lusters},
 journal = {Common. ACM},
 volume = {51},
 number = {1},
 year = {2008},
 pages = {107--113},
 publisher = {ACM},
}

@misc{centosonquickstart,
  aauthor = {CentOS Org.},
  title = {{OpenNebula} 3.8.1 {Q}uick{S}tart},
  ppublisher = {CentOS Org.},
  year = {2012},
  howpublished = {\url{http://wiki.centos.org/Cloud/OpenNebula/QuickStart}},
  note = {Accedido: junio 2013}
}

@manual{xenserverinstall,
  aauthor = {Citrix Systems Inc.},
  title = {Citrix XenServer 6.0 Installation Guide},
  ppublisher = {Citrix Systems Inc.},
  year = {2012}
}

@manual{cloudstackquickinstall,
  aauthor = {Citrix Systems Inc.},
  title = {CloudStack Basic Installation Guide for CloudStack Version 3.0.0 --- 3.0.2},
  ppublisher = {Citrix Systems Inc.},
  year = {2012}
}

@manual{cloudstackadvinstall,
  aauthor = {Citrix Systems Inc.},
  title = {CloudStack Advanced Installation Guide for CloudStack Version 3.0.0 --- 3.0.2},
  year = {2012}
  ppublisher = {Citrix Systems Inc.}
}

@misc{cloudstacknohvm,
  aauthor = {Citrix Systems Inc.},
  title = {How to {U}se {CloudStack} without {H}ardware {V}irtualization},
  howpublished = {\url{http://support.citrix.com/article/CTX132015}},
  note = {Accedido: junio 2013},
  ppublisher = {Citrix Systems Inc.},
  year = {2012}
}

@misc{cloudstackstrategy,
  aauthor = {Citrix Systems Inc.},
  title = {Citrix {U}nveils {N}ext {P}hase of {C}loudStack {S}trategy},
  howpublished = {\url{http://www.citrix.com/news/announcements/apr-2012/citrix-unveils-next-phase-of-cloudstack-strategy.html}},
  note = {Accedido: junio 2013},
  ppublisher = {Citrix Systems Inc.},
  year = {2012}
}

@manual{cloudstackapidoc,
  aauthor = {Citrix Systems Inc.},
  title = {CloudStack API Documentation (v3.0)},
  year = {2012}
}


@misc{dnsmasqman,
  author = {Simon Kelley},
  title = {{dnsmasq} --- {A} {L}ightweight {DHCP} and {C}aching {DNS} {S}erver --- {ManPage}},
  howpublished = {\url{http://www.thekelleys.org.uk/dnsmasq/docs/dnsmasq-man.html}},
  note = {Accedido: junio 2013},
  year = {2012}
}

@manual{aws,
  aauthor = {Amazon Web Services},
  title = {Amazon {E}lastic {C}ompute {C}loud --- {U}ser {G}uide --- {API} {V}ersion 2012-12-01},
  ppublisher = {Amazon Inc.},
  year = {2013}
}

@Book{hadoopdefguide,
  author = {Tom White},
  title = {Hadoop, the Definitive Guide},
  publisher = {O' Reilly and Yahoo! Press},
  year = {2012}
}

@misc{hdfsusersguide,
  aauthor = {The Apache Software Foundation},
  title = {{HDFS} {U}sers' {G}uide},
  apublisher = {The Apache Software Foundation},
  howpublished = {\url{http://hadoop.apache.org/docs/r1.0.4/single_node_setup.html}},
  note = {Accedido: junio 2013},
  year = {2010}
}

@misc{hadoopsinglenodesetup,
  aauthor = {The Apache Software Foundation},
  title = {Single {N}ode {S}etup},
  ppublisher = {The Apache Software Foundation},
  howpublished = {\url{http://hadoop.apache.org/docs/r1.0.4/single_node_setup.html}},
  note = {Accedido: junio 2013},
  year = {2008}
}

@misc{hadoopmapreducetutorial,
  aauthor = {The Apache Software Foundation},
  title = {{MapReduce} {T}utorial},
  howpublished = {\url{http://hadoop.apache.org/docs/r1.0.4/mapred_tutorial.html}},
  note = {Accedido: junio 2013},
  year = {2008}
}

@misc{hadoopclustersetup,
  aauthor = {The Apache Software Foundation},
  title = {Cluster Setup},
  howpublished = {\url{http://hadoop.apache.org/docs/r1.0.4/hdfs_user_guide.html}},
  note = {Accedido: junio 2013},
  year = {2008}
}

@misc{hdfsarchitecture,
  author = {Dhruba Borthakur},
  title = {{HDFS} {A}rchitecture {G}uide},
  howpublished = {\url{http://hadoop.apache.org/docs/r1.0.4/hdfs_design.html}},
  note = {Accedido: junio 2013},
  year = {2012}
}

@book{textmapreduce,
  author = {Jimmy Lin and Chris Dyer},
  title = {Data--Intensive Text Processing with MapReduce},
  year = {2010}
}

@misc{gridgainvshadoop,
  author = {Nikita Ivanov},
  title = {{GridGain} and {Hadoop}: {D}ifferences and {S}inergies},
  howpublished = {\url{http://www.gridgain.com/blog/gridgain-hadoop-differences-synergies/}},
  note = {Accedido: junio 2013}
  year = {2012}
}

@inproceedings{twister,
    author = {Jaliya Ekanayake and Hui Li and Bingjing Zhang and Thilina Gunarathne and Seung-hee Bae and Judy Qiu and Geoffrey Fox},
    title = {Twister: A {R}untime for {I}terative {MapReduce}},
    booktitle = {The First International Workshop on MapReduce and its Applications},
    year = {2010}
}

@article{gatk,
  author = {Aaron McKenna and Matthew Hanna and Eric Banks and Andrey Sivachenko and Kristian Cibulskis and Andrew Kernytsky and Kiran Garimella and David Altshuler and Stacey Gabriel and Mark Daly and Mark A. DePristo},
  title = {The {G}enome {A}nalysis {T}oolkit: {A} {MapReduce} {Framework} for {A}nalyzing {N}ext-generation {DNA} {S}equencing {D}ata},
  publisher = {Cold Spring Harbor Laboratory Press},
  year = {2010}
}

@misc{qizmt,
  title = {Quizmt project web page},
  howpublished = {\url{http://qizmt.myspace.com/}},
  note = {Accedido: junio 2013}
}

@misc{peregrine,
  title = {Peregrine project web page},
  howpublished = {\url{http://peregrine_mapreduce.bitbucket.org/}},
  note = {Accedido: junio 2013}
}

@inproceedings{sailfish,
 author = {Rao, Sriram and Ramakrishnan, Raghu and Silberstein, Adam and Ovsiannikov, Mike and Reeves, Damian},
 title = {Sailfish: {A} {F}ramework for {L}arge {S}cale {D}ata {P}rocessing},
 booktitle = {Proceedings of the Third ACM Symposium on Cloud Computing},
 series = {SoCC '12},
 year = {2012},
 isbn = {978-1-4503-1761-0},
 location = {San Jose, California},
 pages = {4:1--4:14},
 articleno = {4},
 numpages = {14},
 url = {http://doi.acm.org/10.1145/2391229.2391233},
 doi = {10.1145/2391229.2391233},
 acmid = {2391233},
 publisher = {ACM},
 address = {New York, NY, USA},
}


@inproceedings{misco,
 author = {Dou, Adam and Kalogeraki, Vana and Gunopulos, Dimitrios and Mielikainen, Taneli and Tuulos, Ville H.},
 title = {Misco: a {M}apReduce {F}ramework for {M}obile {S}ystems},
 booktitle = {Proceedings of the 3rd International Conference on Pervasive Technologies Related to Assistive Environments},
 series = {PETRA '10},
 year = {2010},
 isbn = {978-1-4503-0071-1},
 location = {Samos, Greece},
 pages = {32:1--32:8},
 articleno = {32},
 numpages = {8},
 url = {http://doi.acm.org/10.1145/1839294.1839332},
 doi = {10.1145/1839294.1839332},
 acmid = {1839332},
 publisher = {ACM},
 address = {New York, NY, USA},
 keywords = {distributed real-time systems, map reduce, mobile systems},
}

@article{vsmartjoin,
 author = {Metwally, Ahmed and Faloutsos, Christos},
 title = {{V-SMART-join}: {A} {S}calable {M}ap{R}educe {F}ramework for {A}ll-pair {S}imilarity {J}oins of {M}ultisets and {V}ectors},
 journal = {Proc. VLDB Endow.},
 issue_date = {April 2012},
 volume = {5},
 number = {8},
 month = apr,
 year = {2012},
 issn = {2150-8097},
 pages = {704--715},
 numpages = {12},
 url = {http://dl.acm.org/citation.cfm?id=2212351.2212353},
 acmid = {2212353},
 publisher = {VLDB Endowment},
}

@inproceedings{mars,
 author = {He, Bingsheng and Fang, Wenbin and Luo, Qiong and Govindaraju, Naga K. and Wang, Tuyong},
 title = {Mars: A {MapReduce} {F}ramework on {G}raphics {P}rocessors},
 booktitle = {Proceedings of the 17th International Conference on Parallel Architectures and Compilation Techniques},
 series = {PACT '08},
 year = {2008},
 isbn = {978-1-60558-282-5},
 location = {Toronto, Ontario, Canada},
 pages = {260--269},
 numpages = {10},
 url = {http://doi.acm.org/10.1145/1454115.1454152},
 doi = {10.1145/1454115.1454152},
 acmid = {1454152},
 publisher = {ACM},
 address = {New York, NY, USA},
 keywords = {GPGPU, MapReduce, data parallelism, graphics processor, multi-core processors, web analysis},
}

@article{sailfish,
  author = {Sriram Rao and Raghu Ramakrishnan and Adam Silberstein and Mike Ovsiannikov and Damian Reeves},
  title = {Sailfish: A Framework for Large Scale Data Processing},
  year = {2012}
}

@article{vsmartjoin,
  author = {Ahmed Metwally and Christos Faloutsos},
  title = {V-SMART-Join: A Scalable MapReduce Framework for All-Pair Similarity Joins of Multisets and Vectors},
  year = {2012}
}

@inproceedings{gfs,
 author = {Ghemawat, Sanjay and Gobioff, Howard and Leung, Shun-Tak},
 title = {The {G}oogle {F}ile {S}ystem},
 booktitle = {Proceedings of the Nineteenth ACM Symposium on Operating Systems Principles},
 series = {SOSP '03},
 year = {2003},
 isbn = {1-58113-757-5},
 location = {Bolton Landing, NY, USA},
 pages = {29--43},
 numpages = {15},
 url = {http://doi.acm.org/10.1145/945445.945450},
 doi = {10.1145/945445.945450},
 acmid = {945450},
 publisher = {ACM},
 address = {New York, NY, USA},
 keywords = {clustered storage, data storage, fault tolerance, scalability},
} 

@conference{hadoopenterprise,
  author = {Amr Awadallah},
  title = {{A}pache {H}adoop in the {E}nterprise --- {K}eynote},
  publisher = {Cloudera Inc.},
  year = {2011}
}

@misc{bashscripting,
  author = {Mendel Cooper},
  title = {{A}dvanced {B}ash-{S}cripting {G}uide. {A}n {I}n-depth {E}xploration of the {A}rt of {S}hell {S}cripting},
  howpublished = {\url{http://tldp.org/LDP/abs/html/}},
  note = {Accedido: junio 2013},
  year = {2012}
}

@misc{sedtutorial,
  author = {Bruce Barnett},
  title = {Sed --- {A}n {I}ntroduction and {T}utorial},
  howpublished = {\url{http://www.grymoire.com/Unix/Sed.html}},
  note = {Accedido: junio 2013},
  year = {2012}
}

@misc{mapredwikipediadef,
  aauthor = {Wikipedia Org.},
  title = {{MapReduce} {W}ikipedia entry},
  ppublisher = {Wikimedia Foundation Inc.},
  year = {2012},
  howpublished = {\url{http://en.wikipedia.org/wiki/MapReduce}},
  note = {Accedido: junio 2013}
}

@misc{googleapps,
  aauthor = {Google Inc.},
  title = {Google {A}pps: {E}nergy {E}fficiency in the {C}loud},
  howpublished = {\url{http://static.googleusercontent.com/external_content/untrusted_dlcp/www.google.com/en/us/green/pdf/google-apps.pdf}},
  note = {Accedido: junio 2013}
  year = {2012}
}



